@online{javadoc,
  author = {Oracle},
  title = {{Javadoc} Tool},
  year = 2004,
  url = {http://www.oracle.com/technetwork/articles/java/index-jsp-135444.html},
  urldate = {2016-04-22}
}

@online{evernote,
  author = {Evernote},
  title = {Evernote},
  year = {2016},
  url = {https://evernote.com},
  urldate = {2016-04-22}
}

@online{vsshell,
  author = {Microsoft},
  title = {Visual Studio Isolated Shell},
  year = {2015},
  url= {https://msdn.microsoft.com/en-us/library/bb685691.aspx},
  urldate = {2016-04-25}
}

@online{ssms,
  author= {Microsoft},
  title= {SQL Server Management Tools (including SSMS)},
  year={2016},
  url = {https://msdn.microsoft.com/en-us/library/hh213248.aspx},
  urldate={2016-04-25}
}

@online{ssmsdownload,
  author={Microsoft},
  title= {SQL Server Management Studio preview},
  year={2016},
  url = {https://msdn.microsoft.com/en-us/library/mt238290.aspx},
  urldate={2016-04-25}
}

@online{mysqlworkbench,
  author={Oracle},
  title={MySQL Workbench product page},
  year={2016},
  url={https://www.mysql.com/products/workbench/},
  urldate={2016-04-25}}

@techreport{mysqlworkbenchmodeldesign, author={Oracle}, year={2015},
title={MySQL Workbench: Database Design. Development. Administration.
Migration},
url={http://www.mysql.com/why-mysql/white-papers/mysql-workbench-database-design-development-administration/},
abstract={This paper looks at the various types of data that modern businesses
need to manage, examines the reasons why a model-driven approach to data
management is necessary, and outlines the benefits such an approach provides. It
also highlights how Oracleâ€™s MySQL Workbench can be an indispensable aid in the
hands of experienced data modelers, developers, and DBAs who are tasked with
managing the complex data management infrastructure of a dynamic and growing
business} }

@online{phpmyadmin,
  author={phpmyadmin contributors},
  title={phpMyAdmin: Bringing MySQL to the web},
  year={2016},
  url={https://www.phpmyadmin.net/},
  urldate={2016-04-25}
}

@Article{PER-GRA:2007,
  Author    = {P\'erez, Fernando and Granger, Brian E.},
  Title     = {{IP}ython: a System for Interactive Scientific Computing},
  Journal   = {Computing in Science and Engineering},
  Volume    = {9},
  Number    = {3},
  Pages     = {21--29},
  month     = may,
  year      = 2007,
  url       = "http://ipython.org",
  ISSN      = "1521-9615",
  doi       = {10.1109/MCSE.2007.53},
  publisher = {IEEE Computer Society},
}

@online{wiki:markdown,
  author = {Wikipedia},
  title = {Markdown --- {W}ikipedia{,} The Free Encyclopedia},
  year = {2004},
  url = {https://en.wikipedia.org/wiki/Markdown},
  urldate = {2016-04-25}
}

@article {ASI:ASI22906,
  author = {Bergman, Ofer and Gradovitch, Noa and Bar-Ilan, Judit and Beyth-Marom, Ruth},
  title = {Folder versus tag preference in personal information management},
  journal = {Journal of the American Society for Information Science and Technology},
  volume = {64},
  number = {10},
  issn = {1532-2890},
  url = {http://dx.doi.org/10.1002/asi.22906},
  doi = {10.1002/asi.22906},
  pages = {1995--2012},
  keywords = {personal information systems},
  year = {2013},
}
@online{wiki:full-text-search,
  author = {Wikipedia},
  title = {Full text search --- {W}ikipedia{,} The Free Encyclopedia},
  year = {2004},
  url = {https://en.wikipedia.org/wiki/Full_text_search},
  urldate = {2016-04-26}
}

@online{Xamerin,
  author = {Xamerin},
  title = {Xamerin},
  year = {2016},
  url = {https://www.xamarin.com/platform},
  urldate = {2016-04-28}
}

@article{garrett2005ajax,
  title={Ajax: A new approach to web applications},
  author={Garrett, Jesse James and others},
  year={2005}
}

@online{reactjs,
  title={ReactJS},
  author={Facebook},
  year={2016},
  url={https://facebook.github.io/react/},
  urldate={2016-04-28}
}

@inproceedings{Marcus:1998:MDU:286498.286577,
  author = {Marcus, Aaron},
  title = {Metaphor Design for User Interfaces},
  booktitle = {CHI 98 Cconference Summary on Human Factors in Computing Systems},
  series = {CHI '98},
  year = {1998},
  isbn = {1-58113-028-7},
  location = {Los Angeles, California, USA},
  pages = {129--130},
  numpages = {2},
  url = {http://doi.acm.org/10.1145/286498.286577},
  doi ={10.1145/286498.286577},
  acmid = {286577},
  publisher = {ACM},
  address = {New York, NY, USA},
  keywords = {Web, consumers, culture, diversity, graphic design, icons,
  information design, metaphors, multi-media, productivity tools, rhetoric,
  semantics, semi-otics, symbols, user interfaces, visible language}
}

@online{sqlserverconnect,
  title={Connecting to an Instance of SQL Server},
  author={Microsoft},
  year={2016},
  url={https://msdn.microsoft.com/en-us/library/ms162132.aspx},
  urldate={2016-04-28}
}

@online{javascriptes6,
  title={ECMAScript version 6 standard},
  author={Ecma International},
  year={2015},
  url={http://www.ecma-international.org/publications/files/ECMA-ST/Ecma-262.pdf},
  urldate={2016-04-28}
}
